@Article{Abrams2014,
AUTHOR = {Abrams, Cameron and Bussi, Giovanni},
TITLE = {Enhanced Sampling in Molecular Dynamics Using Metadynamics, Replica-Exchange, and Temperature-Acceleration},
JOURNAL = {Entropy},
VOLUME = {16},
YEAR = {2014},
NUMBER = {1},
PAGES = {163--199},
ISSN = {1099-4300},
DOI = {10.3390/e16010163}
}
@article{Miao2016,
author = {Yinglong Miao and J. Andrew McCammon},
title = {Unconstrained enhanced sampling for free energy calculations of biomolecules: a review},
journal = {Molecular Simulation},
volume = {42},
number = {13},
pages = {1046-1055},
year  = {2016},
publisher = {Taylor \& Francis},
doi = {10.1080/08927022.2015.1121541}
}
